@misc {ASPDOTNETCORE3_1,
	author = {Microsoft},
	title = {Introduction to ASP.NET Core},
	url = {https://docs.microsoft.com/en-us/aspnet/core/introduction-to-aspnet-core?view=aspnetcore-3.1}
}

@misc {Identity,
	author = {Microsoft},
	title = {Introduction to Identity on ASP.NET Core},
	url = {https://docs.microsoft.com/en-us/aspnet/core/security/authentication/identity?view=aspnetcore-3.1&tabs=visual-studio}
}

@misc {EFCore,
	author = {Microsoft},
	title = {Entity Framework Core},
	url = {https://docs.microsoft.com/en-us/ef/core/}
}

@misc {CodeFirst,
	author = {Entity Framework Tutorial},
	title = {What is Code-First?},
	url = {https://www.entityframeworktutorial.net/code-first/what-is-code-first.aspx}
}

@misc {LINQ,
	author = {Microsoft},
	title = {Language Integrated Query (LINQ)},
	url = {https://docs.microsoft.com/en-us/dotnet/csharp/programming-guide/concepts/linq/}
}

@misc {SQLInjection,
	author = {OWASP},
	title = {SQL Injection},
	url = {https://owasp.org/www-community/attacks/SQL_Injection}
}

@misc{SERILOG,
	author = {Serilog},
	title = {Serilog.Extensions.Logging.File},
	url = {https://github.com/serilog/serilog-extensions-logging-file}
}

@misc{LogLevels,
	author = {Nicholas Blumhardt},
	title = {Logging “levels” in a structured world},
	url = {https://nblumhardt.com/2014/03/logging-levels-in-a-structured-world/}
}

@misc{Bootstrap,
	author = {Bootstrap},
	title = {Introduction},
	url = {https://getbootstrap.com/docs/5.0/getting-started/introduction/}
}

@misc{KendoUIforJquery,
	author = {Kendo},
	title = {Welcome to Kendo UI for jQuery},
	url = {https://docs.telerik.com/kendo-ui/introduction?_ga=2.88439835.1270843564.1621007125-198120074.1592317525}
}

@misc{MVC,
	author = {Cserép Máté},
	title = {Webfejlesztés MVC architektúrában (ASP.NET Core)},
	url = {https://mcserep.web.elte.hu/data/education/2019-2020-2_WAF/elte_waf_ea02.pdf}
}

@misc{IoC,
	author = {Microsoft},
	title = {Dependency injection in ASP.NET Core},
	url = {https://docs.microsoft.com/en-us/aspnet/core/fundamentals/dependency-injection?view=aspnetcore-3.1}
}

@misc {DataAnnotations,
	author = {Microsoft},
	title = {System.ComponentModel.DataAnnotations Namespace},
	url = {https://docs.microsoft.com/en-us/dotnet/api/system.componentmodel.dataannotations?view=netcore-3.1}
}

@misc {IdentityOptions,
	author = {Microsoft},
	title = {Configure ASP.NET Core Identity},
	url = {https://docs.microsoft.com/en-us/aspnet/core/security/authentication/identity-configuration?view=aspnetcore-3.1}
}

@misc {Localization,
	author = {Microsoft},
	title = {Globalization and localization in ASP.NET Core},
	url = {https://docs.microsoft.com/en-us/aspnet/core/fundamentals/localization?view=aspnetcore-3.1}
}